@article{sp_CMS:2020xlg,
    author = "Sirunyan, Albert M and others",
    collaboration = "CMS",
    title = "{Reconstruction of signal amplitudes in the CMS electromagnetic calorimeter in the presence of overlapping proton-proton interactions}",
    eprint = "2006.14359",
    archivePrefix = "arXiv",
    primaryClass = "physics.ins-det",
    reportNumber = "CERN-EGM-18-001, CERN-EP-2020-105",
    doi = "10.1088/1748-0221/15/10/P10002",
    journal = {Journal of Instrumentation},
    volume = "15",
    number = "10",
    pages = "P10002",
    year = "2020"
}


@article{sp_CMS:2020xrn,
    author = "Sirunyan, Albert M and others",
    collaboration = "CMS",
    title = "{A measurement of the Higgs boson mass in the diphoton decay channel}",
    eprint = "2002.06398",
    archivePrefix = "arXiv",
    primaryClass = "hep-ex",
    reportNumber = "CMS-HIG-19-004, CERN-EP-2020-004",
    doi = "10.1016/j.physletb.2020.135425",
    journal = "Phys. Lett. B",
    volume = "805",
    pages = "135425",
    year = "2020"
}

@article{sp_CMS:2022dwd,
    collaboration = "CMS",
    title = "{A portrait of the Higgs boson by the CMS experiment ten years after the discovery}",
    eprint = "2207.00043",
    archivePrefix = "arXiv",
    primaryClass = "hep-ex",
    reportNumber = "CMS-HIG-22-001, CERN-EP-2022-039",
    doi = "10.1038/s41586-022-04892-x",
    journal = "Nature",
    volume = "607",
    number = "7917",
    pages = "60--68",
    year = "2022"
}

@article{sp_CMS:2020cph,
    author = "Sirunyan, Albert M and others",
    collaboration = "CMS",
    title = "{Measurements of the $W$ boson rapidity, helicity, double-differential cross sections, and charge asymmetry in $pp$ collisions at $\sqrt {s}$ = 13  TeV}",
    eprint = "2008.04174",
    archivePrefix = "arXiv",
    primaryClass = "hep-ex",
    reportNumber = "CMS-SMP-18-012, CERN-EP-2020-116",
    doi = "10.1103/PhysRevD.102.092012",
    journal = "Phys. Rev. D",
    volume = "102",
    number = "9",
    pages = "092012",
    year = "2020"
}

@article{sp_Pinci:2019ztr,
    author = "Pinci, D. and Baracchini, E. and Cavoto, G. and Di Marco, E. and Marafini, M. and Mazzitelli, G. and Renga, F. and Tomassini, S. and Voena, C.",
    editor = "Batignani, Giovanni and Grassi, Marco and Paoletti, Riccardo and Retico, Alessandra and Signorelli, Giovanni and Spagnolo, Paolo",
    title = "{High resolution TPC based on optically readout GEM}",
    doi = "10.1016/j.nima.2018.11.085",
    journal = "Nucl. Instrum. Meth. A",
    volume = "936",
    pages = "453--455",
    year = "2019"
}

@article{sp_Costa:2019tnu,
doi = {10.1088/1748-0221/14/07/P07011},
url = {https://dx.doi.org/10.1088/1748-0221/14/07/P07011},
year = {2019},
month = {jul},
publisher = {},
volume = {14},
number = {07},
pages = {P07011},
author = {I. Abritta Costa and others},
title = {Performance of optically readout GEM-based TPC with a 55Fe source},
journal = {Journal of Instrumentation}
}


@article{sp_Baracchini:2020nut,
    author = "Baracchini, E and others",
    title = "{Identification of low energy nuclear recoils in a gas time projection chamber with optical readout}",
    eprint = "2007.12508",
    archivePrefix = "arXiv",
    primaryClass = "physics.ins-det",
    reportNumber = "LEMON-20-001",
    doi = "10.1088/1361-6501/abbd12",
    journal = "Measur. Sci. Tech.",
    volume = "32",
    number = "2",
    pages = "025902",
    year = "2021"
}


@article{sp_CMS:2021nnc,
    author = "Sirunyan, Albert M and others",
    collaboration = "CMS",
    title = "{Constraints on anomalous Higgs boson couplings to vector bosons and fermions in its production and decay using the four-lepton final state}",
    eprint = "2104.12152",
    archivePrefix = "arXiv",
    primaryClass = "hep-ex",
    reportNumber = "CERN-EP-2021-054",
    doi = "10.1103/PhysRevD.104.052004",
    journal = "Phys. Rev. D",
    volume = "104",
    number = "5",
    pages = "052004",
    year = "2021"
}


@article{sp_CMS:2021kom,
    author = "Sirunyan, Albert M and others",
    collaboration = "CMS",
    title = "{Measurements of Higgs boson production cross sections and couplings in the diphoton decay channel at $ \sqrt{\mathrm{s}} $ = 13 TeV}",
    eprint = "2103.06956",
    archivePrefix = "arXiv",
    primaryClass = "hep-ex",
    reportNumber = "CMS-HIG-19-015, CERN-EP-2021-038",
    doi = "10.1007/JHEP07(2021)027",
    journal = "JHEP",
    volume = "07",
    pages = "027",
    year = "2021"
}

@article{sp_CMS:2022ley,
    author = "Tumasyan, Armen and others",
    collaboration = "CMS",
    title = "{Measurement of the Higgs boson width and evidence of its off-shell contributions to ZZ production}",
    eprint = "2202.06923",
    archivePrefix = "arXiv",
    primaryClass = "hep-ex",
    reportNumber = "CMS-HIG-21-013, CERN-EP-2021-272",
    doi = "10.1038/s41567-022-01682-0",
    journal = "Nature Physics",
    month = "2",
    year = "2022"
}

