@article{Khachatryan:2015hwa,
      author         = "Khachatryan, Vardan and others",
      title          = "{Performance of Electron Reconstruction and Selection
                        with the CMS Detector in Proton-Proton Collisions at
                        $\sqrt{s}$ = 8  TeV}",
      collaboration  = "CMS",
      journal        = "JINST",
      volume         = "10",
      year           = "2015",
      number         = "06",
      pages          = "P06005",
      doi            = "10.1088/1748-0221/10/06/P06005",
      eprint         = "1502.02701",
      archivePrefix  = "arXiv",
      primaryClass   = "physics.ins-det",
      reportNumber   = "CMS-EGM-13-001, CERN-PH-EP-2015-004",
      SLACcitation   = "%%CITATION = ARXIV:1502.02701;%%"
}
@article{Khachatryan:2015iwa,
      author         = "Khachatryan, Vardan and others",
      title          = "{Performance of Photon Reconstruction and Identification
                        with the CMS Detector in Proton-Proton Collisions at
                        $\sqrt{s}$ = 8 TeV}",
      collaboration  = "CMS",
      journal        = "JINST",
      volume         = "10",
      year           = "2015",
      number         = "08",
      pages          = "P08010",
      doi            = "10.1088/1748-0221/10/08/P08010",
      eprint         = "1502.02702",
      archivePrefix  = "arXiv",
      primaryClass   = "physics.ins-det",
      reportNumber   = "CMS-EGM-14-001, CERN-PH-EP-2015-006",
      SLACcitation   = "%%CITATION = ARXIV:1502.02702;%%"
}
@article{Khachatryan:2014jba,
      author         = "Khachatryan, Vardan and others",
      title          = "{Precise determination of the mass of the Higgs boson and
                        tests of compatibility of its couplings with the standard
                        model predictions using proton collisions at 7 and 8
                        $\,\text {TeV}$}",
      collaboration  = "CMS",
      journal        = "Eur. Phys. J.",
      volume         = "C75",
      year           = "2015",
      number         = "5",
      pages          = "212",
      doi            = "10.1140/epjc/s10052-015-3351-7",
      eprint         = "1412.8662",
      archivePrefix  = "arXiv",
      primaryClass   = "hep-ex",
      reportNumber   = "CMS-HIG-14-009, CERN-PH-EP-2014-288",
      SLACcitation   = "%%CITATION = ARXIV:1412.8662;%%"
}
@article{Aad:2015zhl,
      author         = "Aad, Georges and others",
      title          = "{Combined Measurement of the Higgs Boson Mass in $pp$
                        Collisions at $\sqrt{s}=7$ and 8 TeV with the ATLAS and
                        CMS Experiments}",
      booktitle      = "{Proceedings, Meeting of the APS Division of Particles
                        and Fields (DPF 2015): Ann Arbor, Michigan, USA, 4-8 Aug
                        2015}",
      collaboration  = "ATLAS, CMS",
      journal        = "Phys. Rev. Lett.",
      volume         = "114",
      year           = "2015",
      pages          = "191803",
      doi            = "10.1103/PhysRevLett.114.191803",
      eprint         = "1503.07589",
      archivePrefix  = "arXiv",
      primaryClass   = "hep-ex",
      reportNumber   = "ATLAS-HIGG-2014-14, CMS-HIG-14-042, CERN-PH-EP-2015-075",
      SLACcitation   = "%%CITATION = ARXIV:1503.07589;%%"
}
@article{Khachatryan:2014kca,
      author         = "Khachatryan, Vardan and others",
      title          = "{Constraints on the spin-parity and anomalous HVV
                        couplings of the Higgs boson in proton collisions at 7 and
                        8 TeV}",
      collaboration  = "CMS",
      journal        = "Phys. Rev.",
      volume         = "D92",
      year           = "2015",
      number         = "1",
      pages          = "012004",
      doi            = "10.1103/PhysRevD.92.012004",
      eprint         = "1411.3441",
      archivePrefix  = "arXiv",
      primaryClass   = "hep-ex",
      reportNumber   = "CMS-HIG-14-018, CERN-PH-EP-2014-265",
      SLACcitation   = "%%CITATION = ARXIV:1411.3441;%%"
}
@article{Khachatryan:2016yec,
      author         = "Khachatryan, Vardan and others",
      title          = "{Search for high-mass diphoton resonances in
                        protonâ€“proton collisions at 13 TeV and combination with
                        8 TeV search}",
      collaboration  = "CMS",
      journal        = "Phys. Lett.",
      volume         = "B767",
      year           = "2017",
      pages          = "147-170",
      doi            = "10.1016/j.physletb.2017.01.027",
      eprint         = "1609.02507",
      archivePrefix  = "arXiv",
      primaryClass   = "hep-ex",
      reportNumber   = "CMS-EXO-16-027, CERN-EP-2016-216, CMS-EXO-16-02",
      SLACcitation   = "%%CITATION = ARXIV:1609.02507;%%"
}
@article{Khachatryan:2016hje,
      author         = "Khachatryan, Vardan and others",
      title          = "{Search for Resonant Production of High-Mass Photon Pairs
                        in Proton-Proton Collisions at $\sqrt s$ =8 and 13 TeV}",
      collaboration  = "CMS",
      journal        = "Phys. Rev. Lett.",
      volume         = "117",
      year           = "2016",
      number         = "5",
      pages          = "051802",
      doi            = "10.1103/PhysRevLett.117.051802",
      eprint         = "1606.04093",
      archivePrefix  = "arXiv",
      primaryClass   = "hep-ex",
      reportNumber   = "CMS-EXO-16-018, CERN-EP-2016-154",
      SLACcitation   = "%%CITATION = ARXIV:1606.04093;%%"
}
@article{Sirunyan:2017hci,
      author         = "Sirunyan, Albert M and others",
      title          = "{Search for dark matter produced with an energetic jet or
                        a hadronically decaying W or Z boson at $ \sqrt{s}=13 $
                        TeV}",
      collaboration  = "CMS",
      journal        = "JHEP",
      volume         = "07",
      year           = "2017",
      pages          = "014",
      doi            = "10.1007/JHEP07(2017)014",
      eprint         = "1703.01651",
      archivePrefix  = "arXiv",
      primaryClass   = "hep-ex",
      reportNumber   = "CMS-EXO-16-037, CERN-EP-2017-031",
      SLACcitation   = "%%CITATION = ARXIV:1703.01651;%%"
}
@article{Khachatryan:2016whc,
      author         = "Khachatryan, Vardan and others",
      title          = "{Searches for invisible decays of the Higgs boson in pp
                        collisions at $\sqrt{s}$ = 7, 8, and 13 TeV}",
      collaboration  = "CMS",
      journal        = "JHEP",
      volume         = "02",
      year           = "2017",
      pages          = "135",
      doi            = "10.1007/JHEP02(2017)135",
      eprint         = "1610.09218",
      archivePrefix  = "arXiv",
      primaryClass   = "hep-ex",
      reportNumber   = "CMS-HIG-16-016, CERN-EP-2016-240",
      SLACcitation   = "%%CITATION = ARXIV:1610.09218;%%"
}
@article{Khachatryan:2015sga,
      author         = "Khachatryan, Vardan and others",
      title          = "{Measurement of the ${{\mathrm{W} }^{+} }\mathrm{W}^{-} $
                        cross section in pp collisions at $\sqrt{s} =$ 8 TeV and
                        limits on anomalous gauge couplings}",
      collaboration  = "CMS",
      journal        = "Eur. Phys. J.",
      volume         = "C76",
      year           = "2016",
      number         = "7",
      pages          = "401",
      doi            = "10.1140/epjc/s10052-016-4219-1",
      eprint         = "1507.03268",
      archivePrefix  = "arXiv",
      primaryClass   = "hep-ex",
      reportNumber   = "CMS-SMP-14-016, CERN-PH-EP-2015-122",
      SLACcitation   = "%%CITATION = ARXIV:1507.03268;%%"
}